@book{LeeTopMan,
  title={Introduction to Topological Manifolds},
  author={John M. Lee},
  series={Graduate Texts in Mathematics},
  year={2010},
  publisher={Springer}
}
@article{ghrist2008barcodes,
  title={Barcodes: the persistent topology of data},
  author={Ghrist, Robert},
  journal={Bulletin of the American Mathematical Society},
  volume={45},
  number={1},
  pages={61--75},
  year={2008}
}
@book{complexfunctions,
  title={Complex Functions: An algebraic and geometric viewpoint},
  author={Jones, Gareth A. and Singerman, David},
  year={1987},
  publisher={Cambridge University Press}
}
@book{mybook,
  title={The Theory of Everything: One Answer For All Quetions},
  author={David Goulette},
  year={2014},
  publisher={Spurious press}
}




